
    <marc:record>
        <marc:leader>03593cam a2200613 i 4500</marc:leader>
        <marc:controlfield tag="001">9916405831607426</marc:controlfield>
        <marc:controlfield tag="005">20230930224438.0</marc:controlfield>
        <marc:controlfield tag="007">cr |||||||||||</marc:controlfield>
        <marc:controlfield tag="008">230928s2022    is      o     000 0 eng c</marc:controlfield>
        <marc:datafield tag="016" ind1="7" ind2=" ">
            <marc:subfield code="a">CAT109916405831607426 </marc:subfield>
            <marc:subfield code="2">DNAL</marc:subfield>
        </marc:datafield>
        <marc:datafield tag="024" ind1="7" ind2=" ">
            <marc:subfield code="a">10113/8134144 </marc:subfield>
            <marc:subfield code="2">hdl</marc:subfield>
        </marc:datafield>
        <marc:datafield tag="024" ind1="7" ind2=" ">
            <marc:subfield code="a">10.32747/2022.8134144.bard </marc:subfield>
            <marc:subfield code="2">doi</marc:subfield>
        </marc:datafield>
        <marc:datafield tag="035" ind1=" " ind2=" ">
            <marc:subfield code="a">(OCoLC)on1400075291</marc:subfield>
        </marc:datafield>
        <marc:datafield tag="040" ind1=" " ind2=" ">
            <marc:subfield code="a">AGL </marc:subfield>
            <marc:subfield code="b">eng </marc:subfield>
            <marc:subfield code="e">rda </marc:subfield>
            <marc:subfield code="c">AGL </marc:subfield>
            <marc:subfield code="d">AGL</marc:subfield>
        </marc:datafield>
        <marc:datafield tag="042" ind1=" " ind2=" ">
            <marc:subfield code="a">pcc</marc:subfield>
        </marc:datafield>
        <marc:datafield tag="049" ind1=" " ind2=" ">
            <marc:subfield code="a">AGLL</marc:subfield>
        </marc:datafield>
        <marc:datafield tag="070" ind1="0" ind2=" ">
            <marc:subfield code="a">TD476 </marc:subfield>
            <marc:subfield code="b">.F75 2022</marc:subfield>
        </marc:datafield>
        <marc:datafield tag="100" ind1="1" ind2=" ">
            <marc:subfield code="a">Friedler, Eran </marc:subfield>
            <marc:subfield code="e">author </marc:subfield>
            <marc:subfield code="u">Technion R&amp;D Foundation Ltd.</marc:subfield>
        </marc:datafield>
        <marc:datafield tag="245" ind1="1" ind2="0">
            <marc:subfield code="a">Distributed UV LEDs for combined control of fouling of drip emitters and disinfection during irrigation with reclaimed wastewater effluent / </marc:subfield>
            <marc:subfield code="c">Friedler, E., Linden, K.G.</marc:subfield>
        </marc:datafield>
        <marc:datafield tag="264" ind1=" " ind2="1">
            <marc:subfield code="a">[Israel?] : </marc:subfield>
            <marc:subfield code="b">United States-Israel Binational Agricultural Research and Development Fund, </marc:subfield>
            <marc:subfield code="c">2022</marc:subfield>
        </marc:datafield>
        <marc:datafield tag="300" ind1=" " ind2=" ">
            <marc:subfield code="a">1 online resource (8 pages)</marc:subfield>
        </marc:datafield>
        <marc:datafield tag="336" ind1=" " ind2=" ">
            <marc:subfield code="a">text </marc:subfield>
            <marc:subfield code="b">txt </marc:subfield>
            <marc:subfield code="2">rdacontent</marc:subfield>
        </marc:datafield>
        <marc:datafield tag="337" ind1=" " ind2=" ">
            <marc:subfield code="a">computer </marc:subfield>
            <marc:subfield code="b">c </marc:subfield>
            <marc:subfield code="2">rdamedia</marc:subfield>
        </marc:datafield>
        <marc:datafield tag="338" ind1=" " ind2=" ">
            <marc:subfield code="a">online resource </marc:subfield>
            <marc:subfield code="b">cr </marc:subfield>
            <marc:subfield code="2">rdacarrier</marc:subfield>
        </marc:datafield>
        <marc:datafield tag="500" ind1=" " ind2=" ">
            <marc:subfield code="a">BARD Final Report IS-5130-18</marc:subfield>
        </marc:datafield>
        <marc:datafield tag="500" ind1=" " ind2=" ">
            <marc:subfield code="a">Project award year: 2018</marc:subfield>
        </marc:datafield>
        <marc:datafield tag="520" ind1="3" ind2=" ">
            <marc:subfield code="a">Irrigating crops with reclaimed wastewater, replacing potable water, using drip irrigation has  become more common as demands on water supplies have increased. Because of the quality  characteristics of treated wastewater, the small size and geometry of drip emitters, and flow  characteristics though the emitters, systems can become clogged for physical and biological  reasons. Emitters clogging reduces flow and increases the variability of flows between emitters  that can lead to crops water stress and thus reduce crop yield. Clogged systems require more  energy or more labor- and chemical-intensive maintenance and cleaning, such as with chlorine.  Ultraviolet (UV) irradiation, and specifically UV-C (200-300 nm) light emitting diodes (LEDs) have  great promise for disinfection and biofouling prevention in irrigation water systems. LEDs are  particularly well-suited for decentralized use in drip irrigation systems due to their small size,  robust construction, low power requirements, long life, and intermittent operation capability. The main goal of this research was to study and develop UV-LED irradiation technology for  reducing biofouling of drip irrigation fed by treated effluent, and to explore whether locating the  UV-LEDs along the irrigation line as an integral part of the system could be advantageous.</marc:subfield>
        </marc:datafield>
        <marc:datafield tag="588" ind1="0" ind2=" ">
            <marc:subfield code="a">Online resource (viewed 28 September 2023)</marc:subfield>
        </marc:datafield>
        <marc:datafield tag="593" ind1=" " ind2=" ">
            <marc:subfield code="e">report paper</marc:subfield>
        </marc:datafield>
        <marc:datafield tag="650" ind1=" " ind2="0">
            <marc:subfield code="a">Water </marc:subfield>
            <marc:subfield code="x">Purification </marc:subfield>
            <marc:subfield code="x">Irradiation.</marc:subfield>
        </marc:datafield>
        <marc:datafield tag="650" ind1=" " ind2="0">
            <marc:subfield code="a">Irrigation efficiency.</marc:subfield>
        </marc:datafield>
        <marc:datafield tag="650" ind1=" " ind2="0">
            <marc:subfield code="a">Microirrigation.</marc:subfield>
        </marc:datafield>
        <marc:datafield tag="650" ind1=" " ind2="0">
            <marc:subfield code="a">Water reuse.</marc:subfield>
        </marc:datafield>
        <marc:datafield tag="655" ind1=" " ind2="7">
            <marc:subfield code="a">report paper </marc:subfield>
            <marc:subfield code="2">DNAL</marc:subfield>
        </marc:datafield>
        <marc:datafield tag="700" ind1="1" ind2=" ">
            <marc:subfield code="a">Linden, Karl G., </marc:subfield>
            <marc:subfield code="e">author </marc:subfield>
            <marc:subfield code="u">The University of Colorado.</marc:subfield>
        </marc:datafield>
        <marc:datafield tag="710" ind1="2" ind2=" ">
            <marc:subfield code="a">United States-Israel Binational Agricultural Research and Development Fund, </marc:subfield>
            <marc:subfield code="e">sponsor</marc:subfield>
        </marc:datafield>
        <marc:datafield tag="787" ind1="1" ind2=" ">
            <marc:subfield code="o">product_naldc</marc:subfield>
        </marc:datafield>
        <marc:datafield tag="787" ind1="1" ind2=" ">
            <marc:subfield code="o">naldc_COLL00002</marc:subfield>
        </marc:datafield>
        <marc:datafield tag="856" ind1="4" ind2="0">
            <marc:subfield code="u">https://www.bard-isus.com/FinalRep/5130.pdf</marc:subfield>
        </marc:datafield>
        <marc:datafield tag="856" ind1=" " ind2=" ">
            <marc:subfield code="u">https://handle.nal.usda.gov/10113/8134144 </marc:subfield>
            <marc:subfield code="z">CrossRef DOI Landing Page</marc:subfield>
        </marc:datafield>
        <marc:datafield tag="856" ind1="4" ind2="0">
            <marc:subfield code="u">https://dx.doi.org/10.32747/2022.8134144.bard </marc:subfield>
            <marc:subfield code="3">Available in the National Agricultural Library Digital Collections</marc:subfield>
        </marc:datafield>
        <marc:datafield tag="912" ind1=" " ind2=" ">
            <marc:subfield code="a">nalcatalog</marc:subfield>
        </marc:datafield>
        <marc:datafield tag="919" ind1=" " ind2=" ">
            <marc:subfield code="a">axu</marc:subfield>
        </marc:datafield>
        <marc:datafield tag="926" ind1=" " ind2=" ">
            <marc:subfield code="a">PDF model</marc:subfield>
        </marc:datafield>
        <marc:datafield tag="930" ind1=" " ind2=" ">
            <marc:subfield code="a">20230928 </marc:subfield>
            <marc:subfield code="b">00000000 </marc:subfield>
            <marc:subfield code="c">00000000</marc:subfield>
        </marc:datafield>
        <marc:datafield tag="946" ind1=" " ind2=" ">
            <marc:subfield code="a">Non-US</marc:subfield>
        </marc:datafield>
        <marc:datafield tag="958" ind1=" " ind2=" ">
            <marc:subfield code="a">2023/09/28 </marc:subfield>
            <marc:subfield code="d">o </marc:subfield>
            <marc:subfield code="e">csussman </marc:subfield>
            <marc:subfield code="h">cfr</marc:subfield>
        </marc:datafield>
        <marc:datafield tag="964" ind1=" " ind2=" ">
            <marc:subfield code="a">BARD</marc:subfield>
        </marc:datafield>
        <marc:datafield tag="965" ind1=" " ind2=" ">
            <marc:subfield code="a">2023-09-30</marc:subfield>
        </marc:datafield>
        <marc:datafield tag="972" ind1=" " ind2=" ">
            <marc:subfield code="a">Issued</marc:subfield>
        </marc:datafield>
        <marc:datafield tag="974" ind1=" " ind2=" ">
            <marc:subfield code="a">agid:8134144</marc:subfield>
        </marc:datafield>
        <marc:datafield tag="987" ind1=" " ind2=" ">
            <marc:subfield code="a">csussman</marc:subfield>
        </marc:datafield>
        <marc:datafield tag="990" ind1=" " ind2=" ">
            <marc:subfield code="c">NAL DOI collection</marc:subfield>
        </marc:datafield>
        <marc:datafield tag="994" ind1=" " ind2=" ">
            <marc:subfield code="a">C0 </marc:subfield>
            <marc:subfield code="b">AGL</marc:subfield>
        </marc:datafield>
    </marc:record>