
    <marc:record>
        <marc:leader>02330cam a2200589 i 4500</marc:leader>
        <marc:controlfield tag="001">9916406030507426</marc:controlfield>
        <marc:controlfield tag="005">20230930225157.0</marc:controlfield>
        <marc:controlfield tag="007">cr |||||||||||</marc:controlfield>
        <marc:controlfield tag="008">230927s2022    is      o     000 0 eng d</marc:controlfield>
        <marc:datafield tag="016" ind1="7" ind2=" ">
            <marc:subfield code="a">CAT109916406030507426 </marc:subfield>
            <marc:subfield code="2">DNAL</marc:subfield>
        </marc:datafield>
        <marc:datafield tag="024" ind1="7" ind2=" ">
            <marc:subfield code="a">10113/8134152 </marc:subfield>
            <marc:subfield code="2">hdl</marc:subfield>
        </marc:datafield>
        <marc:datafield tag="024" ind1="7" ind2=" ">
            <marc:subfield code="a">10.32747/2022.8134152.bard </marc:subfield>
            <marc:subfield code="2">doi</marc:subfield>
        </marc:datafield>
        <marc:datafield tag="035" ind1=" " ind2=" ">
            <marc:subfield code="a">(OCoLC)on1399975657</marc:subfield>
        </marc:datafield>
        <marc:datafield tag="040" ind1=" " ind2=" ">
            <marc:subfield code="a">AGL </marc:subfield>
            <marc:subfield code="b">eng </marc:subfield>
            <marc:subfield code="e">rda </marc:subfield>
            <marc:subfield code="c">AGL </marc:subfield>
            <marc:subfield code="d">AGL</marc:subfield>
        </marc:datafield>
        <marc:datafield tag="049" ind1=" " ind2=" ">
            <marc:subfield code="a">AGLL</marc:subfield>
        </marc:datafield>
        <marc:datafield tag="070" ind1="0" ind2=" ">
            <marc:subfield code="a">GB1197.77 </marc:subfield>
            <marc:subfield code="b">F87 2022</marc:subfield>
        </marc:datafield>
        <marc:datafield tag="100" ind1="1" ind2=" ">
            <marc:subfield code="a">Furman, Alex </marc:subfield>
            <marc:subfield code="e">author </marc:subfield>
            <marc:subfield code="u">Technion R&amp;D Foundation Ltd.</marc:subfield>
        </marc:datafield>
        <marc:datafield tag="245" ind1="1" ind2="0">
            <marc:subfield code="a">Increasing water availability through agricultural groundwater recharge / </marc:subfield>
            <marc:subfield code="c">A. Furman, H.E. Dahlke, N. Weisbrod, E. Raveh</marc:subfield>
        </marc:datafield>
        <marc:datafield tag="264" ind1=" " ind2="1">
            <marc:subfield code="a">[Israel?] : </marc:subfield>
            <marc:subfield code="b">United States-Israel Binational Agricultural Research and Development Fund, </marc:subfield>
            <marc:subfield code="c">[2022]</marc:subfield>
        </marc:datafield>
        <marc:datafield tag="300" ind1=" " ind2=" ">
            <marc:subfield code="a">1 online resource (85 pages) ; </marc:subfield>
            <marc:subfield code="b">illustrations, graphs, tables</marc:subfield>
        </marc:datafield>
        <marc:datafield tag="336" ind1=" " ind2=" ">
            <marc:subfield code="a">text </marc:subfield>
            <marc:subfield code="b">txt </marc:subfield>
            <marc:subfield code="2">rdacontent</marc:subfield>
        </marc:datafield>
        <marc:datafield tag="337" ind1=" " ind2=" ">
            <marc:subfield code="a">computer </marc:subfield>
            <marc:subfield code="b">c </marc:subfield>
            <marc:subfield code="2">rdamedia</marc:subfield>
        </marc:datafield>
        <marc:datafield tag="338" ind1=" " ind2=" ">
            <marc:subfield code="a">online resource </marc:subfield>
            <marc:subfield code="b">cr </marc:subfield>
            <marc:subfield code="2">rdacarrier</marc:subfield>
        </marc:datafield>
        <marc:datafield tag="593" ind1=" " ind2=" ">
            <marc:subfield code="e">report paper</marc:subfield>
        </marc:datafield>
        <marc:datafield tag="500" ind1=" " ind2=" ">
            <marc:subfield code="a">BARD Final Report IS-5125-18 R</marc:subfield>
        </marc:datafield>
        <marc:datafield tag="500" ind1=" " ind2=" ">
            <marc:subfield code="a">Project award year 2018</marc:subfield>
        </marc:datafield>
        <marc:datafield tag="588" ind1=" " ind2=" ">
            <marc:subfield code="a">Online resource (viewed 27 September 2023)</marc:subfield>
        </marc:datafield>
        <marc:datafield tag="655" ind1=" " ind2="7">
            <marc:subfield code="a">report paper </marc:subfield>
            <marc:subfield code="2">DNAL</marc:subfield>
        </marc:datafield>
        <marc:datafield tag="650" ind1=" " ind2="0">
            <marc:subfield code="a">Groundwater recharge.</marc:subfield>
        </marc:datafield>
        <marc:datafield tag="650" ind1=" " ind2="0">
            <marc:subfield code="a">Water-supply, Agricultural.</marc:subfield>
        </marc:datafield>
        <marc:datafield tag="787" ind1="1" ind2=" ">
            <marc:subfield code="o">product_naldc</marc:subfield>
        </marc:datafield>
        <marc:datafield tag="787" ind1="1" ind2=" ">
            <marc:subfield code="o">naldc_COLL00002</marc:subfield>
        </marc:datafield>
        <marc:datafield tag="700" ind1="1" ind2=" ">
            <marc:subfield code="a">Dahlke, Helen E., </marc:subfield>
            <marc:subfield code="e">author </marc:subfield>
            <marc:subfield code="u">The Regents of the University of California, Davis</marc:subfield>
        </marc:datafield>
        <marc:datafield tag="700" ind1="1" ind2=" ">
            <marc:subfield code="a">Weisbrod, Noam, </marc:subfield>
            <marc:subfield code="e">author </marc:subfield>
            <marc:subfield code="u">Ben-Gurion University of the Negev</marc:subfield>
        </marc:datafield>
        <marc:datafield tag="700" ind1="1" ind2=" ">
            <marc:subfield code="a">Raveh, Eran, </marc:subfield>
            <marc:subfield code="e">author </marc:subfield>
            <marc:subfield code="u">Agricultural Research Organization</marc:subfield>
        </marc:datafield>
        <marc:datafield tag="710" ind1="1" ind2=" ">
            <marc:subfield code="a">United States-Israel Binational Agricultural Research and Development Fund, </marc:subfield>
            <marc:subfield code="e">sponsor</marc:subfield>
        </marc:datafield>
        <marc:datafield tag="856" ind1="4" ind2="0">
            <marc:subfield code="u">https://www.bard-isus.com/FinalRep/5125.pdf</marc:subfield>
        </marc:datafield>
        <marc:datafield tag="856" ind1=" " ind2=" ">
            <marc:subfield code="u">https://handle.nal.usda.gov/10113/8134152 </marc:subfield>
            <marc:subfield code="z">CrossRef DOI Landing Page</marc:subfield>
        </marc:datafield>
        <marc:datafield tag="856" ind1="4" ind2="0">
            <marc:subfield code="u">https://dx.doi.org/10.32747/2022.8134152.bard </marc:subfield>
            <marc:subfield code="3">Available in the National Agricultural Library Digital Collections</marc:subfield>
        </marc:datafield>
        <marc:datafield tag="912" ind1=" " ind2=" ">
            <marc:subfield code="a">nalcatalog</marc:subfield>
        </marc:datafield>
        <marc:datafield tag="919" ind1=" " ind2=" ">
            <marc:subfield code="a">axu</marc:subfield>
        </marc:datafield>
        <marc:datafield tag="926" ind1=" " ind2=" ">
            <marc:subfield code="a">PDF model</marc:subfield>
        </marc:datafield>
        <marc:datafield tag="930" ind1=" " ind2=" ">
            <marc:subfield code="a">20230927 </marc:subfield>
            <marc:subfield code="b">00000000 </marc:subfield>
            <marc:subfield code="c">00000000</marc:subfield>
        </marc:datafield>
        <marc:datafield tag="946" ind1=" " ind2=" ">
            <marc:subfield code="a">Other US</marc:subfield>
        </marc:datafield>
        <marc:datafield tag="958" ind1=" " ind2=" ">
            <marc:subfield code="b">e </marc:subfield>
            <marc:subfield code="c">2023/09/27 </marc:subfield>
            <marc:subfield code="d">o </marc:subfield>
            <marc:subfield code="e">csussman </marc:subfield>
            <marc:subfield code="h">blank</marc:subfield>
        </marc:datafield>
        <marc:datafield tag="964" ind1=" " ind2=" ">
            <marc:subfield code="a">BARD</marc:subfield>
        </marc:datafield>
        <marc:datafield tag="965" ind1=" " ind2=" ">
            <marc:subfield code="a">2023-09-30</marc:subfield>
        </marc:datafield>
        <marc:datafield tag="972" ind1=" " ind2=" ">
            <marc:subfield code="a">Issued</marc:subfield>
        </marc:datafield>
        <marc:datafield tag="974" ind1=" " ind2=" ">
            <marc:subfield code="a">agid:8134152</marc:subfield>
        </marc:datafield>
        <marc:datafield tag="987" ind1=" " ind2=" ">
            <marc:subfield code="a">csussman</marc:subfield>
        </marc:datafield>
        <marc:datafield tag="990" ind1=" " ind2=" ">
            <marc:subfield code="c">NAL DOI collection</marc:subfield>
        </marc:datafield>
        <marc:datafield tag="994" ind1=" " ind2=" ">
            <marc:subfield code="a">C0 </marc:subfield>
            <marc:subfield code="b">AGL</marc:subfield>
        </marc:datafield>
    </marc:record>
</marc:collection>
